[gd_scene load_steps=10 format=2]

[ext_resource path="res://src/Tools/Tool.gd" type="Script" id=1]
[ext_resource path="res://assets/buttons/button cross.png" type="Texture" id=2]
[ext_resource path="res://assets/buttons/button circle.png" type="Texture" id=3]
[ext_resource path="res://assets/buttons/button square.png" type="Texture" id=4]
[ext_resource path="res://assets/buttons/button triangle.png" type="Texture" id=5]
[ext_resource path="res://assets/sound/Hammer/hammer1.wav" type="AudioStream" id=6]
[ext_resource path="res://assets/sound/klucz.wav" type="AudioStream" id=7]
[ext_resource path="res://assets/sound/palnik.wav" type="AudioStream" id=8]
[ext_resource path="res://assets/sound/zszywacz.wav" type="AudioStream" id=9]

[node name="Tools" type="Node2D"]

[node name="Hammer" type="Node2D" parent="."]
position = Vector2( -64, 0 )
scale = Vector2( 0.33, 0.33 )
script = ExtResource( 1 )
button_name = "hammer"

[node name="NotPressed" type="Sprite" parent="Hammer"]
modulate = Color( 0.419608, 0.419608, 0.419608, 1 )
texture = ExtResource( 4 )

[node name="Pressed" type="Sprite" parent="Hammer"]
texture = ExtResource( 4 )

[node name="Sound" type="AudioStreamPlayer" parent="Hammer"]
stream = ExtResource( 6 )
volume_db = 6.0

[node name="Welder" type="Node2D" parent="."]
position = Vector2( 64, 0 )
scale = Vector2( 0.33, 0.33 )
script = ExtResource( 1 )
looped = true
button_name = "welder"

[node name="NotPressed" type="Sprite" parent="Welder"]
modulate = Color( 0.498039, 0.498039, 0.498039, 1 )
texture = ExtResource( 3 )

[node name="Pressed" type="Sprite" parent="Welder"]
texture = ExtResource( 3 )

[node name="Sound" type="AudioStreamPlayer" parent="Welder"]
stream = ExtResource( 8 )
volume_db = 12.0

[node name="Stapler" type="Node2D" parent="."]
position = Vector2( 0, 64 )
scale = Vector2( 0.33, 0.33 )
script = ExtResource( 1 )
button_name = "stapler"

[node name="NotPressed" type="Sprite" parent="Stapler"]
modulate = Color( 0.509804, 0.509804, 0.509804, 1 )
texture = ExtResource( 2 )

[node name="Pressed" type="Sprite" parent="Stapler"]
texture = ExtResource( 2 )

[node name="Sound" type="AudioStreamPlayer" parent="Stapler"]
stream = ExtResource( 9 )
volume_db = 12.0

[node name="Wrench" type="Node2D" parent="."]
position = Vector2( 0, -64 )
scale = Vector2( 0.33, 0.33 )
script = ExtResource( 1 )
looped = true
button_name = "wrench"

[node name="NotPressed" type="Sprite" parent="Wrench"]
modulate = Color( 0.545098, 0.545098, 0.545098, 1 )
texture = ExtResource( 5 )

[node name="Pressed" type="Sprite" parent="Wrench"]
texture = ExtResource( 5 )

[node name="Sound" type="AudioStreamPlayer" parent="Wrench"]
stream = ExtResource( 7 )
volume_db = 6.0
